%@Comment(BIBTEMPLATE .)
%@Comment(BIBREFERENCES stdalphabetic)
%@Comment{BIBSEPARATORS ",;&"}

@STRING{jar     = "Journal of Automated Reasoning"}
@STRING{ipl     = "Information Processing Letters"}
@STRING{funinf  = "Fundamenta Informaticae"}

@book{Sipser,
     author = {Michael Sipser},
     title = {Introduction to the Theory of Computation, Second Edition},
     year = {2006},
     isbn = {0-534-95097-3},
     publisher = {Thompson Course Technology},
     address = {25 Thompson Place, Boston, MA  02210},
     annote   = "{}"
}

@article{CSY,
  author    = {Cezar C{\^a}mpeanu and
               Kai Salomaa and
               Sheng Yu},
  title     = {A Formal Study Of Practical Regular Expressions},
  journal   = {Int. J. Found. Comput. Sci.},
  volume    = {14},
  number    = {6},
  year      = {2003},
  pages     = {1007-1018},
  ee        = {http://dx.doi.org/10.1142/S012905410300214X},
  bibsource = {DBLP, http://dblp.uni-trier.de}
}

@misc{CNS,
  author    = {Benjamin Carle and Paliath Narendran and Colin Scheriff},
  title     = {On extended regular expressions},
  howpublished = {Presented at the {\em Twenty-first International
Workshop on Unification\/} (UNIF-2007),
Paris, France},
  month     = {June},
  year      = {2007}
}

@inproceedings{CarleNarendran,
  author    = {Benjamin Carle and
               Paliath Narendran},
  title     = {On Extended Regular Expressions},
  booktitle = {LATA},
  year      = {2009},
  pages     = {279-289},
  ee        = {http://dx.doi.org/10.1007/978-3-642-00982-2_24},
  crossref  = {DBLP:conf/lata/2009},
  bibsource = {DBLP, http://dblp.uni-trier.de}
}

@proceedings{DBLP:conf/lata/2009,
  key       = {LATA},
  editor    = {Adrian Horia Dediu and
               Armand-Mihai Ionescu and
               Carlos Mart\'{\i}n-Vide},
  title     = {Language and Automata Theory and Applications, Third International
               Conference, LATA 2009, Tarragona, Spain, April 2-8, 2009.
               Proceedings},
  booktitle = {LATA},
  publisher = {Springer},
  series    = {Lecture Notes in Computer Science},
  volume    = {5457},
  year      = {2009},
  isbn      = {978-3-642-00981-5},
  ee        = {http://dx.doi.org/10.1007/978-3-642-00982-2},
  bibsource = {DBLP, http://dblp.uni-trier.de}
}

@book{ahrens2013lightning,
  title={Lightning fires and lightning strikes},
  author={Ahrens, Marty},
  year={2013},
  publisher={National Fire Protection Association}
}

@inproceedings{holle2016number,
  title={The number of documented global lightning fatalities},
  author={Holle, Ronald L},
  booktitle={International Conference on Lightning Protection (ICLP 2016)},
  pages={1--4},
  year={2016}
}

@incollection{mazur2016lightning,
author = {Mazur, Vladislav},
title = {Lightning initiationâ€”the most difficult issue of lightning physics},
booktitle = {Principles of Lightning Physics},
publisher = {IOP Publishing},
year = {2016},
series = {2053-2563},
type = {Book Chapter},
pages = {12-1 to 12-10},
url = {http://dx.doi.org/10.1088/978-0-7503-1152-6ch12},
doi = {10.1088/978-0-7503-1152-6ch12},
isbn = {978-0-7503-1152-6}
}

@article{carte1977lightning,
  title={Lightning in relation to precipitation},
  author={Carte, AE and Kidder, RE},
  journal={Journal of Atmospheric and Terrestrial Physics},
  volume={39},
  number={2},
  pages={139--148},
  year={1977},
  publisher={Elsevier}
}

@article{chen1994theoretical,
  title={The theoretical basis for the parameterization of ice crystal habits: Growth by vapor deposition},
  author={Chen, Jen-Ping and Lamb, Dennis},
  journal={Journal of the atmospheric sciences},
  volume={51},
  number={9},
  pages={1206--1222},
  year={1994}
}

@misc{ClimatCentral2018,
  title = {Heavy Rainfall Trends Across the U.S.},
  author = {ClimateCentral},
  url = {https://www.climatecentral.org/gallery/graphics/heavy-rainfall-trends-us},
  year = 2018
}

@article{fierro2013implementation,
  title={The implementation of an explicit charging and discharge lightning scheme within the WRF-ARW model: Benchmark simulations of a continental squall line, a tropical cyclone, and a winter storm},
  author={Fierro, Alexandre O and Mansell, Edward R and MacGorman, Donald R and Ziegler, Conrad L},
  journal={Monthly Weather Review},
  volume={141},
  number={7},
  pages={2390--2415},
  year={2013}
}

@article{hallett1958influence,
  title={The influence of temperature and supersaturation on the habit of ice crystals grown from the vapour},
  author={Hallett, J and Mason, Basil John},
  journal={Proceedings of the Royal Society of London. Series A. Mathematical and Physical Sciences},
  volume={247},
  number={1251},
  pages={440--453},
  year={1958},
  publisher={The Royal Society London}
}

@article{harrington2013methoda,
  title={A method for adaptive habit prediction in bulk microphysical models. Part I: Theoretical development},
  author={Harrington, Jerry Y and Sulia, Kara and Morrison, Hugh},
  journal={Journal of the Atmospheric Sciences},
  volume={70},
  number={2},
  pages={349--364},
  year={2013}
}

@article{harrington2013methodb,
  title={A method for adaptive habit prediction in bulk microphysical models. Part II: Parcel model corroboration},
  author={Harrington, Jerry Y and Sulia, Kara and Morrison, Hugh},
  journal={Journal of the Atmospheric Sciences},
  volume={70},
  number={2},
  pages={365--376},
  year={2013}
}

@article{sulia2013method,
  title={A method for adaptive habit prediction in bulk microphysical models. Part III: Applications and studies within a two-dimensional kinematic model},
  author={Sulia, Kara J and Harrington, Jerry Y and Morrison, Hugh},
  journal={Journal of the Atmospheric Sciences},
  volume={70},
  number={10},
  pages={3302--3320},
  year={2013}
}

@article{harrington1995parameterization,
  title={Parameterization of ice crystal conversion processes due to vapor deposition for mesoscale models using double-moment basis functions. Part I: Basic formulation and parcel model results},
  author={Harrington, Jerry Y and Meyers, Michael P and Walko, Robert L and Cotton, William R},
  journal={Journal of the atmospheric sciences},
  volume={52},
  number={23},
  pages={4344--4366},
  year={1995}
}

@article{helsdon2002examination,
  title={An examination of the convective charging hypothesis: Charge structure, electric fields, and Maxwell currents},
  author={Helsdon Jr, John H and Gattaleeradapan, Sirin and Farley, Richard D and Waits, C Christopher},
  journal={Journal of Geophysical Research: Atmospheres},
  volume={107},
  number={D22},
  pages={ACL--9},
  year={2002},
  publisher={Wiley Online Library}
}

@article{kummerow1998tropical,
  title={The tropical rainfall measuring mission (TRMM) sensor package},
  author={Kummerow, Christian and Barnes, William and Kozu, Toshiaki and Shiue, James and Simpson, Joanne},
  journal={Journal of atmospheric and oceanic technology},
  volume={15},
  number={3},
  pages={809--817},
  year={1998}
}

@Book{ MacGormanRust1998,
title = { The electrical nature of storms },
author = { MacGorman, D. R and Rust, W. D },
url = { http://www.loc.gov/catdir/enhancements/fy0604/96027498-t.html },
publisher = { New York : Oxford University Press },
year = { 1998 },
type = { Book; Book/Illustrated },
isbn = { 0195073371 (cloth : alk. paper) },
subjects = { Storms; Thunderstorms; Atmospheric electricity },
language = { English },
note = { Includes bibliographical references (p. 369-403) and index },
contents = { Tutorial: Basic Electricity and Magnetism -- 1. Overview of the Electrical Nature of the Earth's Atmosphere -- 2. Electrified Nonthunderstorm Clouds -- 3. Introduction to the Electrical Nature of Thunderstorms -- 4. Corona and Point Discharge -- 5. Lightning -- 6. Instruments -- 7. Observations of the Electrical Characteristics of Thunderstorms: I. General Characteristics -- 8. Observations of the Electrical Characteristics of Thunderstorms: II. Severe, Winter, and Tropical Storms and Storm Systems -- 9. Numerical Models of Thunderstorm Electrification -- 10. Electrical Effects on Cloud Microphysics -- App. B. Physical Constants and Conversion Factors },
catalogue-url = { https://trove.nla.gov.au/work/15463050 }
}

@article{meyers1997new,
  title={New RAMS cloud microphysics parameterization. Part II: The two-moment scheme},
  author={Meyers, Michael P and Walko, Robert L and Harrington, Jerry Y and Cotton, William R},
  journal={Atmospheric Research},
  volume={45},
  number={1},
  pages={3--39},
  year={1997},
  publisher={Elsevier}
}

@article{mitchell1996use,
  title={Use of mass-and area-dimensional power laws for determining precipitation particle terminal velocities},
  author={Mitchell, David L},
  journal={Journal of the atmospheric sciences},
  volume={53},
  number={12},
  pages={1710--1723},
  year={1996}
}

@article{morrison2008novel,
  title={A novel approach for representing ice microphysics in models: Description and tests using a kinematic framework},
  author={Morrison, Hugh and Grabowski, Wojciech W},
  journal={Journal of the Atmospheric Sciences},
  volume={65},
  number={5},
  pages={1528--1548},
  year={2008}
}

@article{morrison2010improved,
  title={An improved representation of rimed snow and conversion to graupel in a multicomponent bin microphysics scheme},
  author={Morrison, Hugh and Grabowski, Wojciech W},
  journal={Journal of the Atmospheric Sciences},
  volume={67},
  number={5},
  pages={1337--1360},
  year={2010}
}

@article{morrison2012resilience,
  title={Resilience of persistent Arctic mixed-phase clouds},
  author={Morrison, Hugh and De Boer, Gijs and Feingold, Graham and Harrington, Jerry and Shupe, Matthew D and Sulia, Kara},
  journal={Nature Geoscience},
  volume={5},
  number={1},
  pages={11},
  year={2012},
  publisher={Nature Publishing Group}
}

@book{nakaya1954snow,
  title={Snow Crystals: Natural and Artificial},
  author={Nakaya, U.},
  lccn={52005038},
  url={https://books.google.com/books?id=GJ7PAAAAMAAJ},
  year={1954},
  publisher={Harvard University Press}
}

@article{NASA2010,
  title={2010 Science Plan for NASAâ€™s Science Mission Directorate. Washington},
  author={NASA Headquarters},
  url={https://smd-prod.s3.amazonaws.com/science-pink/s3fs-public/atoms/files/2014_Science_Plan-0501_tagged.pdf},
  year={2010}
}

@article{nesbitt2000census,
  title={A census of precipitation features in the tropics using TRMM: Radar, ice scattering, and lightning observations},
  author={Nesbitt, Stephen W and Zipser, Edward J and Cecil, Daniel J},
  journal={Journal of Climate},
  volume={13},
  number={23},
  pages={4087--4106},
  year={2000}
}

@misc{nws2018,
  title = {Hydrologic Information Center - Flood Loss Data},
  author = {NWS},
  url = {https://www.nws.noaa.gov/hic/},
  year = 2018
}

@misc{nws2002,
  title = {Floods: The awesome power},
  author = {NWS},
  url = {http://www.floodsafety.noaa.gov/resources/FloodsTheAwesomePower_NSC.pdf},
  year = 2002
}

@article{ovchinnikov2011effects,
  title={Effects of ice number concentration on dynamics of a shallow mixed-phase stratiform cloud},
  author={Ovchinnikov, Mikhail and Korolev, Alexei and Fan, Jiwen},
  journal={Journal of Geophysical Research: Atmospheres},
  volume={116},
  number={D1},
  year={2011},
  publisher={Wiley Online Library}
}

@incollection{bubeck2017societal,
  title={Societal impacts of flood hazards},
  author={Bubeck, Philip and Otto, Antje and Weichselgartner, Juergen},
  booktitle={Oxford Research Encyclopedia of Natural Hazard Science},
  year={2017}
}

@article{pinsky2001collision,
  title={Collision efficiency of drops in a wide range of Reynolds numbers: Effects of pressure on spectrum evolution},
  author={Pinsky, M and Khain, A and Shapiro, M},
  journal={Journal of the atmospheric sciences},
  volume={58},
  number={7},
  pages={742--764},
  year={2001}
}

@article{reynolds1957thunderstorm,
  title={Thunderstorm charge separation},
  author={Reynolds, SE and Brook, M and Gourley, Mary Foulks},
  journal={Journal of Meteorology},
  volume={14},
  number={5},
  pages={426--436},
  year={1957}
}

@article{rose2008concurrent,
  title={Concurrent cloud-to-ground lightning and precipitation enhancement in the Atlanta, Georgia (United States), urban region},
  author={Rose, LS and Stallins, JA and Bentley, ML},
  journal={Earth Interactions},
  volume={12},
  number={11},
  pages={1--30},
  year={2008}
}

@article{ryzhkov2011polarimetric,
  title={Polarimetric radar observation operator for a cloud model with spectral microphysics},
  author={Ryzhkov, A and Pinsky, M and Pokrovsky, A and Khain, A},
  journal={Journal of Applied Meteorology and Climatology},
  volume={50},
  number={4},
  pages={873--894},
  year={2011}
}

@article{schubert1976experiments,
  title={Experiments with Lilly's cloud-topped mixed layer model},
  author={Schubert, Wayne H},
  journal={Journal of the Atmospheric Sciences},
  volume={33},
  number={3},
  pages={436--446},
  year={1976}
}

@article{sulia2011ice,
  title={Ice aspect ratio influences on mixed-phase clouds: Impacts on phase partitioning in parcel models},
  author={Sulia, Kara J and Harrington, Jerry Y},
  journal={Journal of Geophysical Research: Atmospheres},
  volume={116},
  number={D21},
  year={2011},
  publisher={Wiley Online Library}
}

@article{sulia2017simulateda,
  title={Simulated polarimetric fields of ice vapor growth using the adaptive habit model. Part I: Large-eddy simulations},
  author={Sulia, Kara J and Kumjian, Matthew R},
  journal={Monthly Weather Review},
  volume={145},
  number={6},
  pages={2281--2302},
  year={2017}
}

@article{sulia2017simulatedb,
  title={Simulated polarimetric fields of ice vapor growth using the adaptive habit model. Part II: A case study from the FROST experiment},
  author={Sulia, Kara J and Kumjian, Matthew R},
  journal={Monthly Weather Review},
  volume={145},
  number={6},
  pages={2303--2323},
  year={2017}
}

@article{sulia2020agg,
  title={A new method for ice-ice aggregation in the Adaptive Habit Model.},
  author={Sulia, Kara J and Lebo, Zachary and Przybylo, Vanessa and Schmitt, Carl},
  journal={J. Atmos. Sci.},
  year={2020},
  note={in review}
}


@article{takahashi1988supercooled,
  title={Supercooled cloud tunnel studies on the growth of snow crystals between-4 and-20 C},
  author={Takahashi, Tsuneya and Fukuta, Norihiko},
  journal={Journal of the Meteorological Society of Japan. Ser. II},
  volume={66},
  number={6},
  pages={841--855},
  year={1988},
  publisher={Meteorological Society of Japan}
}

@article{thompson2008explicit,
  title={Explicit forecasts of winter precipitation using an improved bulk microphysics scheme. Part II: Implementation of a new snow parameterization},
  author={Thompson, Gregory and Field, Paul R and Rasmussen, Roy M and Hall, William D},
  journal={Monthly Weather Review},
  volume={136},
  number={12},
  pages={5095--5115},
  year={2008}
}

@article{walko1995new,
  title={New RAMS cloud microphysics parameterization part I: the single-moment scheme},
  author={Walko, Robert L and Cotton, Wr R and Meyers, MP and Harrington, Jerry Y},
  journal={Atmospheric Research},
  volume={38},
  number={1-4},
  pages={29--62},
  year={1995},
  publisher={Elsevier}
}

@article{westbrook2011ice,
  title={Ice crystals growing from vapor in supercooled clouds between- 2.5 and- 22 C: testing current parameterization methods using laboratory data},
  author={Westbrook, Christopher D and Heymsfield, Andrew J},
  journal={Journal of the Atmospheric Sciences},
  volume={68},
  number={10},
  pages={2416--2429},
  year={2011}
}

@article{woods2007improve,
  title={The IMPROVE-1 storm of 1--2 February 2001. Part III: Sensitivity of a mesoscale model simulation to the representation of snow particle types and testing of a bulk microphysical scheme with snow habit prediction},
  author={Woods, Christopher P and Stoelinga, Mark T and Locatelli, John D},
  journal={Journal of the Atmospheric Sciences},
  volume={64},
  number={11},
  pages={3927--3948},
  year={2007}
}

@article{zhang2014including,
  title={Including surface kinetic effects in simple models of ice vapor diffusion},
  author={Zhang, Chengzhu and Harrington, Jerry Y},
  journal={Journal of the Atmospheric Sciences},
  volume={71},
  number={1},
  pages={372--390},
  year={2014}
}

@article{zeng2001microphysics,
  title={Microphysics of the rapid development of heavy convective precipitation},
  author={Zeng, Zhaoxia and Yuter, Sandra E and Houze Jr, Robert A and Kingsmill, David E},
  journal={Monthly weather review},
  volume={129},
  number={8},
  pages={1882--1904},
  year={2001}
}

@article{lamb1971growth,
  title={Growth rates and habits of ice crystals grown from the vapor phase},
  author={Lamb, Dennis and Hobbs, Peter V},
  journal={Journal of the Atmospheric Sciences},
  volume={28},
  number={8},
  pages={1506--1509},
  year={1971}
}

@article{sulia2014dynamical,
  title={Dynamical and microphysical evolution during mixed-phase cloud glaciation simulated using the bulk adaptive habit prediction model},
  author={Sulia, Kara J and Morrison, Hugh and Harrington, Jerry Y},
  journal={Journal of the Atmospheric Sciences},
  volume={71},
  number={11},
  pages={4158--4180},
  year={2014}
}

@article{jensen2015modeling,
  title={Modeling ice crystal aspect ratio evolution during riming: A single-particle growth model},
  author={Jensen, Anders A and Harrington, Jerry Y},
  journal={Journal of the Atmospheric Sciences},
  volume={72},
  number={7},
  pages={2569--2590},
  year={2015}
}

@article{takahashi1978riming,
  title={Riming electrification as a charge generation mechanism in thunderstorms},
  author={Takahashi, Tsutomu},
  journal={Journal of the Atmospheric Sciences},
  volume={35},
  number={8},
  pages={1536--1548},
  year={1978}
}

@article{saunders1991effect,
  title={The effect of liquid water on thunderstorm charging},
  author={Saunders, CPR and Keith, WD and Mitzeva, RP},
  journal={Journal of Geophysical Research: Atmospheres},
  volume={96},
  number={D6},
  pages={11007--11017},
  year={1991},
  publisher={Wiley Online Library}
}

@article{saunders1998laboratory,
  title={Laboratory studies of the influence of the rime accretion rate on charge transfer during crystal/graupel collisions},
  author={Saunders, CPR and Peck, SL},
  journal={Journal of Geophysical Research: Atmospheres},
  volume={103},
  number={D12},
  pages={13949--13956},
  year={1998},
  publisher={Wiley Online Library}
}

@article{jayaratne1983laboratory,
  title={Laboratory studies of the charging of soft-hail during ice crystal interactions},
  author={Jayaratne, ER and Saunders, CPR and Hallett, J},
  journal={Quarterly Journal of the Royal Meteorological Society},
  volume={109},
  number={461},
  pages={609--630},
  year={1983},
  publisher={Wiley Online Library}
}

@article{takahashi2002reexamination,
  title={Reexamination of riming electrification in a wind tunnel},
  author={Takahashi, Tsutomu and Miyawaki, Kuniko},
  journal={Journal of the atmospheric sciences},
  volume={59},
  number={5},
  pages={1018--1025},
  year={2002}
}

@article{mansell2005charge,
  title={Charge structure and lightning sensitivity in a simulated multicell thunderstorm},
  author={Mansell, Edward R and MacGorman, Donald R and Ziegler, Conrad L and Straka, Jerry M},
  journal={Journal of Geophysical Research: Atmospheres},
  volume={110},
  number={D12},
  year={2005},
  publisher={Wiley Online Library}
}

@inproceedings{christian1999lightning,
  title={The lightning imaging sensor},
  author={Christian, H and Blakeslee, R and Goodman, S and Mach, D and Stewart, M and Buechler, D and Koshak, W and Hall, J and Boeck, William and Driscoll, K and others},
  booktitle={NASA conference publication},
  pages={746--749},
  year={1999},
  organization={NASA}
}

@article{price2011using,
  title={Using lightning data to better understand and predict flash floods in the Mediterranean},
  author={Price, C and Yair, Y and Mugnai, A and Lagouvardos, K and Llasat, MC and Michaelides, S and Dayan, U and Dietrich, S and Di Paola, F and Galanti, E and others},
  journal={Surveys in geophysics},
  volume={32},
  number={6},
  pages={733},
  year={2011},
  publisher={Springer}
}

@article{lynn2010prediction,
  title={Prediction of lightning flash density with the WRF model},
  author={Lynn, B and Yair, Y},
  journal={Advances in Geosciences},
  volume={23},
  pages={11--16},
  year={2010},
  publisher={Copernicus GmbH}
}

@incollection{holle2016lightning,
  title={Lightning occurrence and social vulnerability},
  author={Holle, Ronald L and Cooper, Mary Ann},
  booktitle={Atmospheric Hazards-Case Studies in Modeling, Communication, and Societal Impacts},
  year={2016},
  publisher={IntechOpen}
}

@article{lynn2008lightning,
  title={Lightning Potential Index: A new tool for predicting the lightning density and the potential for extreme rainfall},
  author={Lynn, BH and Yair, Y},
  journal={Geophysical Research Abstracts, EGU General Assembly, Vienna},
  volume={10},
  year={2008}
}

@article{tapia1998estimation,
  title={Estimation of convective rainfall from lightning observations},
  author={Tapia, Alberto and Smith, James A and Dixon, Michael},
  journal={Journal of Applied Meteorology},
  volume={37},
  number={11},
  pages={1497--1509},
  year={1998}
}

@article{soula2001some,
  title={Some aspects of the correlation between lightning and rain activities in thunderstorms},
  author={Soula, Serge and Chauzy, Serge},
  journal={Atmospheric research},
  volume={56},
  number={1-4},
  pages={355--373},
  year={2001},
  publisher={Elsevier}
}

@article{yair2010predicting,
  title={Predicting the potential for lightning activity in Mediterranean storms based on the Weather Research and Forecasting (WRF) model dynamic and microphysical fields},
  author={Yair, Yoav and Lynn, Barry and Price, Colin and Kotroni, Vassiliki and Lagouvardos, Konstantinos and Morin, Efrat and Mugnai, Alberto and Llasat, Maria del Carmen},
  journal={Journal of Geophysical Research: Atmospheres},
  volume={115},
  number={D4},
  year={2010},
  publisher={Wiley Online Library}
}

@article{lagasio2017lightning,
  title={Lightning Potential Index performances in multimicrophysical cloud-resolving simulations of a back-building mesoscale convective system: The Genoa 2014 event},
  author={Lagasio, M and Parodi, A and Procopio, R and Rachidi, F and Fiori, E},
  journal={Journal of Geophysical Research: Atmospheres},
  volume={122},
  number={8},
  pages={4238--4257},
  year={2017},
  publisher={Wiley Online Library}
}

@book{wallace2006atmospheric,
  title={Atmospheric science: an introductory survey},
  author={Wallace, John M and Hobbs, Peter V},
  volume={92},
  year={2006},
  publisher={Elsevier}
}

@incollection{saunders2008charge,
  title={Charge separation mechanisms in clouds},
  author={Saunders, Clive},
  booktitle={Planetary Atmospheric Electricity},
  pages={335--353},
  year={2008},
  publisher={Springer}
}

@article{rudlosky2015evaluating,
  title={Evaluating ENTLN Performance Relative to TRMM/LIS.},
  author={Rudlosky, Scott D},
  journal={Journal of Operational Meteorology},
  volume={3},
  number={2},
  year={2015}
}

@article{rudlosky2013evaluating,
  title={Evaluating WWLLN performance relative to TRMM/LIS},
  author={Rudlosky, Scott D and Shea, Dustin T},
  journal={Geophysical Research Letters},
  volume={40},
  number={10},
  pages={2344--2348},
  year={2013},
  publisher={Wiley Online Library}
}

@article{Blakeslee1998Lightning,
  title={Lightning Imaging Sensor (LIS) on TRMM Science Data.},
  author={Blakeslee, Richard J},
  journal={Dataset available online from the NASA EOSDIS Global Hydrology Resource Center Distributed Active Archive Center, Huntsville, Alabama, U.S.A.},
  year={1998},
  doi = {http://dx.doi.org/10.5067/LIS/LIS/DATA201}
}

@article{rison1999gps,
  title={A GPS-based three-dimensional lightning mapping system: Initial observations in central New Mexico},
  author={Rison, William and Thomas, Ronald J and Krehbiel, Paul R and Hamlin, Timonthy and Harlin, Jeremiah},
  journal={Geophysical research letters},
  volume={26},
  number={23},
  pages={3573--3576},
  year={1999},
  publisher={Wiley Online Library}
}

@article{carey2005lightning,
  title={Lightning location relative to storm structure in a leading-line, trailing-stratiform mesoscale convective system},
  author={Carey, Lawrence D and Murphy, Martin J and McCormick, Tracy L and Demetriades, Nicholas WS},
  journal={Journal of Geophysical Research: Atmospheres},
  volume={110},
  number={D3},
  year={2005},
  publisher={Wiley Online Library}
}

@article{yair2018lightning,
  title={Lightning hazards to human societies in a changing climate},
  author={Yair, Yoav},
  journal={Environmental research letters},
  volume={13},
  number={12},
  pages={123002},
  year={2018},
  publisher={IOP Publishing}
}

@article{gijben2017using,
  title={Using satellite and lightning data to track rapidly developing thunderstorms in data sparse regions},
  author={Gijben, Morn{\'e} and De Coning, Estelle},
  journal={Atmosphere},
  volume={8},
  number={4},
  pages={67},
  year={2017},
  publisher={Multidisciplinary Digital Publishing Institute}
}

@article{reeve1999lightning,
  title={Lightning activity as an indicator of climate change},
  author={Reeve, N and Toumi, Ralf},
  journal={Quarterly Journal of the Royal Meteorological Society},
  volume={125},
  number={555},
  pages={893--903},
  year={1999},
  publisher={Wiley Online Library}
}

@article{solimine2021relationships,
  title={Relationships between severe convection, lightning, and rainfall over the Congo Basin using TRMM data},
  author={Solimine, Stephen and Zhou, Liming and Raghavendra, Ajay and Cai, Yichen},
  journal={Atmospheric Research},
  volume={},
  number={},
  pages={},
  year={2021},
  publisher={},
  note={In Review}
}

@incollection{LightningIni,
author = {Mazur, Vladislav},
title = {Lightning initiationâ€”the most difficult issue of lightning physics},
booktitle = {Principles of Lightning Physics},
publisher = {IOP Publishing},
year = {2016},
series = {2053-2563},
type = {Book Chapter},
pages = {12-1 to 12-10},
url = {http://dx.doi.org/10.1088/978-0-7503-1152-6ch12},
doi = {10.1088/978-0-7503-1152-6ch12},
isbn = {978-0-7503-1152-6}
}

@article{takahashi1984thunderstorm,
  title={Thunderstorm electrificationâ€”A numerical study},
  author={Takahashi, Tsutomu},
  journal={Journal of the atmospheric sciences},
  volume={41},
  number={17},
  pages={2541--2558},
  year={1984},
  publisher={American Meteorological Society}
}

@article{mansell2013aerosol,
  title={Aerosol effects on simulated storm electrification and precipitation in a two-moment bulk microphysics model},
  author={Mansell, Edward R and Ziegler, Conrad L},
  journal={Journal of the Atmospheric Sciences},
  volume={70},
  number={7},
  pages={2032--2050},
  year={2013}
}

@article{barthe2007simulation,
  title={Simulation of a supercellular storm using a three-dimensional mesoscale model with an explicit lightning flash scheme},
  author={Barthe, Christelle and Pinty, Jean-Pierre},
  journal={Journal of Geophysical Research: Atmospheres},
  volume={112},
  number={D6},
  year={2007},
  publisher={Wiley Online Library}
}

@article{wang2015impact,
  title={Impact of the vertical velocity field on charging processes and charge separation in a simulated thunderstorm},
  author={Wang, Fei and Zhang, Yijun and Zheng, Dong and Xu, Liangtao},
  journal={Journal of Meteorological Research},
  volume={29},
  number={2},
  pages={328--343},
  year={2015},
  publisher={Springer}
}

@article{keith1989charge,
  title={Charge transfer during multiple large ice crystal interactions with a riming target},
  author={Keith, WD and Saunders, CPR},
  journal={Journal of Geophysical Research: Atmospheres},
  volume={94},
  number={D11},
  pages={13103--13106},
  year={1989},
  publisher={Wiley Online Library}
}

@article{keith1990further,
  title={Further laboratory studies of the charging of graupel during ice crystal interactions},
  author={Keith, WD and Saunders, CPR},
  journal={Atmospheric research},
  volume={25},
  number={5},
  pages={445--464},
  year={1990},
  publisher={Elsevier}
}

@article{baker1987influence,
  title={The influence of diffusional growth rates on the charge transfer accompanying rebounding collisions between ice crystals and soft hailstones},
  author={Baker, B and Baker, MB and Jayaratne, ER and Latham, J and Saunders, CPR},
  journal={Quarterly Journal of the Royal Meteorological Society},
  volume={113},
  number={478},
  pages={1193--1215},
  year={1987},
  publisher={Wiley Online Library}
}

@article{lenard1892berdie,
  title={berdie Elektrizitt der Wasserflle},
  author={Lenard, PEA},
  journal={Ann. Phys. Lpz},
  volume={46},
  pages={584--636},
  year={1892}
}

@article{wilson1929some,
  title={Some thundercloud problems},
  author={Wilson, CTR and others},
  journal={Journal of the Franklin Institute},
  volume={208},
  number={1},
  pages={1--12},
  year={1929},
  publisher={Elsevier}
}

@article{grenet1947essai,
  title={Essai d'explication de la charge electrique des nuages d'orages},
  author={Grenet, GASTON},
  journal={Ann. Geophys},
  volume={3},
  pages={306--307},
  year={1947}
}

@article{vonnegut1953possible,
  title={Possible mechanism for the formation of thunderstorm electricity},
  author={Vonnegut, Bernard},
  journal={Bull. Am. Meteorol. Soc.},
  volume={34},
  pages={378},
  year={1953}
}

@article{workman1950electrical,
  title={Electrical phenomena occurring during the freezing of dilute aqueous solutions and their possible relationship to thunderstorm electricity},
  author={Workman, ElJ and Reynolds, SE},
  journal={Physical Review},
  volume={78},
  number={3},
  pages={254},
  year={1950},
  publisher={APS}
}

@article{caranti1980surface,
  title={Surface potentials of ice and thunderstorm charge separation},
  author={Caranti, JM and Illingworth, AJ},
  journal={Nature},
  volume={284},
  number={5751},
  pages={44--46},
  year={1980},
  publisher={Nature Publishing Group}
}

@article{latham1961generation,
  title={Generation of electric charge associated with the formation of soft hail in thunderclouds},
  author={Latham, J and Mason, Basil John},
  journal={Proceedings of the Royal Society of London. Series A. Mathematical and Physical Sciences},
  volume={260},
  number={1303},
  pages={537--549},
  year={1961},
  publisher={The Royal Society London}
}

@article{hallett1979charge,
  title={Charge separation associated with secondary ice crystal production},
  author={Hallett, J and Saunders, CPR},
  journal={Journal of Atmospheric Sciences},
  volume={36},
  number={11},
  pages={2230--2235},
  year={1979}
}

@article{brooks1994experimental,
  title={An experimental investigation of the inductive mechanism of thunderstorm electrification},
  author={Brooks, IM and Saunders, CPR},
  journal={Journal of Geophysical Research: Atmospheres},
  volume={99},
  number={D5},
  pages={10627--10632},
  year={1994},
  publisher={Wiley Online Library}
}

@article{christian1980airborne,
  title={Airborne and ground-based studies of thunderstorms in the vicinity of Langmuir Laboratory},
  author={Christian, H and Holmes, CR and Bullock, JW and Gaskell, W and Illingworth, AJ and Latham, J},
  journal={Quarterly Journal of the Royal Meteorological Society},
  volume={106},
  number={447},
  pages={159--174},
  year={1980},
  publisher={Wiley Online Library}
}

@article{saunders2006laboratory,
  title={Laboratory studies of the effect of cloud conditions on graupel/crystal charge transfer in thunderstorm electrification},
  author={Saunders, CPR and Bax-Norman, H and Emersic, C and Avila, EE and Castellano, NE},
  journal={Quarterly Journal of the Royal Meteorological Society: A journal of the atmospheric sciences, applied meteorology and physical oceanography},
  volume={132},
  number={621},
  pages={2653--2673},
  year={2006},
  publisher={Wiley Online Library}
}

@article{pereyra2000laboratory,
  title={A laboratory study of graupel charging},
  author={Pereyra, Rodolfo G and Avila, Eldo E and Castellano, Nesvit E and Saunders, Clive PR},
  journal={Journal of Geophysical Research: Atmospheres},
  volume={105},
  number={D16},
  pages={20803--20812},
  year={2000},
  publisher={Wiley Online Library}
}